@book{author2024,
  author    = {Nome Cognome},
  title     = {Titolo del Libro},
  publisher = {Casa Editrice},
  year      = {2024},
  address   = {Citt√†},
  edition   = {Seconda},
}

@article{author2023,
  author  = {Nome Cognome},
  title   = {Titolo dell'Articolo},
  journal = {Nome del Giornale},
  year    = {2023},
  volume  = {12},
  number  = {4},
  pages   = {123--145},
  doi     = {10.1234/articolo.2023.012345},
}
